%% This BibTeX bibliography file was created using BibDesk.
%% http://bibdesk.sourceforge.net/


%% Created for Enrico Crema at 2015-06-11 16:21:24 +0100 


%% Saved with string encoding Unicode (UTF-8) 

@article{hardin1968tragedy,
  title={The tragedy of the commons},
  author={Hardin, Garrett},
  journal={science},
  volume={162},
  number={3859},
  pages={1243--1248},
  year={1968},
  publisher={American Association for the Advancement of Science}
}

@article{axelrod_1997,
	Author = {Axelrod, Robert},
	Date-Added = {2015-06-11 15:20:00 +0000},
	Date-Modified = {2015-06-11 15:21:13 +0000},
	Journal = {Journal of Conflict Resolution},
	Pages = {203-226},
	Title = {The Dissemination of Culture : A Model with Local Convergence and Global Polarization},
	Volume = {41},
	Year = {1997}}

@book{mesoudi_2011,
	Address = {Chicago},
	Author = {Mesoudi, Alex},
	Date-Added = {2015-06-11 15:17:09 +0000},
	Date-Modified = {2015-06-11 15:21:24 +0000},
	Publisher = {University of Chicago Press},
	Title = {Cultural Evolution: How Darwinian theory can explain human culture and synthesize the social sciences.},
	Year = {2011}}

@article{henrich_mcelreath2003,
	Author = {Henrich, Joe and McElreath, Richard},
	Date-Added = {2015-05-06 08:56:24 +0000},
	Date-Modified = {2015-05-06 08:58:48 +0000},
	Journal = {Evolutionary Anthropology},
	Pages = {123-135},
	Title = {The evolution of cultural evolution},
	Volume = {12},
	Year = {2003}}

@book{boyd1985,
	Address = {Chicago},
	Author = {Boyd, Robert.and Richerson, Peter J},
	Date-Modified = {2015-06-11 15:17:06 +0000},
	Publisher = {University of Chicago Press},
	Title = {Culture and the evolutionary process},
	Year = {1985}}

@article{laland2004,
	Author = {Laland, Kevin N},
	Journal = {Animal Learning \& Behavior},
	Number = {1},
	Pages = {4--14},
	Publisher = {Springer},
	Title = {Social learning strategies},
	Volume = {32},
	Year = {2004}}
